

@article{bradlow_etal_2008,
	author={Bradlow, A. E. and  Pisoni, D. B. and  Akahane-Yamada, R. and Tokhura, Y},
	year={2008},
	title={Training Japanese listeners to identify English {\ipabib{/r/}} and {\ipabib{/l/}}: IV. Some effects of perceptual learning on speech production},
	journal={Journal of the Acoustical Society of America},
	number={101},
	pages={2299--2310}
}

@misc{evans_martin-alverez_2016,
	year={2016},
	author={Evans, B. G. and Martin-Alvarez, L.},
	title={Age-related differences in second-language learning? A comparison of high and low variability perceptual training for the acquisition of English {\ipabib{/i/-/ɪ/}} by Spanish adults and children},
	howpublished={Paper presented at New Sounds, Aarhus University, Denmark}
}

@phdthesis{hattori_2009,
	author={Hattori, K.},
	year={2009},
	title={Perception and Production of English {\ipabib{/r/-/l/}} by adult Japanese speakers},
	school={University College London, UK}
}

@inproceedings{shinohara_iverson_2013,
	author={Shinohara, Y. and Iverson, P.},
	year={2013},
	title={Computer-based English {\ipabib{/r/-/l/}} perceptual training for Japanese children},
	booktitle={Proceedings of Meetings on Acoustics},
	volume={19},
	numbe={1},
	note={60049}
}

@phdthesis{alshangiti_2015,
	author={Alshangiti, W.},
	year={2015},
	title={Speech production and perception in adult Arabic learners of English: A
comparative study of the role of production and perception training in the acquisition of British
English vowels},
	school={University College London, UK}
}

@article{ferragne_pellegrino_2010,
	title={Formant frequencies of vowels in 13 accents of the British Isles},
	volume={40},
	number={1},
	journal={Journal of the International Phonetic Association},
	author={Ferragne, Emmanuel and Pellegrino, François},
	year={2010},
	pages={1--34}}

@article{hawkins_midgely_2005,
	author={Hawkins, S. and Midgley, J.},
	year={2005},
	title={Formant frequencies of {RP} monophthongs in four age groups of speakers},
	journal={Journal of the International Phonetic Association},
	volume={35},
	number={2},
	pages={183--199}
}